<record><leader>00000cas a22000007a 4500</leader><controlfield tag="001">14102155</controlfield><controlfield tag="008">860818d19371939txuwr ne      0    0eng d</controlfield><controlfield tag="009">6576</controlfield><datafield ind1=" " ind2=" " tag="010"><subfield code="a">sn 86088502 </subfield><subfield code="z">sn 86088273 </subfield></datafield><datafield ind1=" " ind2=" " tag="040"><subfield code="a">PPM</subfield><subfield code="b">eng</subfield><subfield code="c">PPM</subfield><subfield code="d">DLC</subfield><subfield code="d">PPM</subfield><subfield code="d">OCL</subfield></datafield><datafield ind1=" " ind2=" " tag="019"><subfield code="a">13913141</subfield></datafield><datafield ind1="1" ind2=" " tag="029"><subfield code="a">AU@</subfield><subfield code="b">000025835166</subfield></datafield><datafield ind1=" " ind2=" " tag="042"><subfield code="a">msc</subfield></datafield><datafield ind1="0" ind2="4" tag="245"><subfield code="a">The Austin times and the Texas Democrat.</subfield></datafield><datafield ind1="0" ind2="3" tag="246"><subfield code="a">Austin times and Texas Democrat</subfield></datafield><datafield ind1="0" ind2="7" tag="246"><subfield code="a">Austin times</subfield></datafield><datafield ind1=" " ind2=" " tag="260"><subfield code="a">Austin, Tex. :</subfield><subfield code="b">Chas. G. Norton, editor,</subfield><subfield code="c">1937-</subfield></datafield><datafield ind1=" " ind2=" " tag="300"><subfield code="a">v. :</subfield><subfield code="b">ill. ;</subfield><subfield code="c">56 cm.</subfield></datafield><datafield ind1=" " ind2=" " tag="310"><subfield code="a">Weekly</subfield></datafield><datafield ind1="0" ind2=" " tag="362"><subfield code="a">Vol. 1, no. 11 (May 7, 1937)-</subfield></datafield><datafield ind1="1" ind2=" " tag="362"><subfield code="a">Ceased in Sep. 1939.</subfield></datafield><datafield ind1=" " ind2=" " tag="752"><subfield code="a">United States</subfield><subfield code="b">Texas</subfield><subfield code="c">Travis</subfield><subfield code="d">Austin.</subfield></datafield><datafield ind1="0" ind2="0" tag="780"><subfield code="t">Texas Democrat (Austin, Tex.)</subfield><subfield code="w">(OCoLC)13958886</subfield></datafield><datafield ind1="0" ind2="7" tag="785"><subfield code="t">Austin dispatch</subfield><subfield code="w">(OCoLC)14362991</subfield></datafield><datafield ind1="0" ind2="7" tag="785"><subfield code="t">Austin daily tribune</subfield><subfield code="w">(OCoLC)13958635</subfield></datafield></record>